
@Misc{Android,
author = {Android},
title = {Android API},
month = jun,
year = {2010},
howpublished = "\url{http://developer.android.com/}"
}

@Misc{Time,
author = {Lev Grossman},
title = {The Best Inventions of 2007},
month = nov,
year = {2007},
howpublished = "\url{http://205.188.238.181/time/specials/2007/article/0,28804,1677329_1678542_1677891,00.html}"
}

@Misc{Canalys,
author = {Canalys},
title = {Majority of smart phones now have touch screens},
month = feb,
year = {2010},
howpublished = "\url{http://www.canalys.com/pr/2010/r2010021.html}"
}

@Misc{SQLite,
author = {SQLite},
title = {SQLite Documentation},
month = jun,
year = {2010},
howpublished = "\url{http://www.sqlite.org/}"
}

@Book{netGames,
author = {Michael Wolff, Kelly Maloni, Derek Baker, Nathaniel Wice},
title = {Netgames: your guide to the games people play on the electronic highway},
address = {University of Virginia},
year = {2009}
}

@Misc{lupidLabs,
author = {AndroidLib.com},
title = {Robo Defense},
month = may,
year = {2010},
howpublished = "\url{http://www.androlib.com/android.application.com-magicwach-rdefense-jpjz.aspx}"
}

@Misc{Git,
author = {Git},
title = {Git - Fast Version Control System},
month = jun,
year = {2010},
howpublished = "\url{http://www.git-scm.com/}"
}

@Misc{Green,
author = {Green, Robert},
title = {Getting Started in Android Game Development},
month = april,
year = {2008},
howpublished = "\url{http://www.rbgrn.net/content/54-getting-started-android-game-development}"
}

@Misc{Green2,
author = {Green, Robert},
title = {How To Test Android Performance Using FPS},
month = may,
year = {2009},
howpublished = "\url{http://www.rbgrn.net/content/286-how-to-test-android-performance-using-fps}"
}

@Book{designPatterns,
author = {Gamma, E, Helm, R, Johnson, R, Vlissides, J},
title = {Design Patterns},
year = {1995}
}

@Misc{bloons,
author = {NinjaKiwi.com},
title = {Bloons Tower Defense 3},
month = may,
year = {2010},
howpublished = "\url{http://www.ninjakiwi.com/Games/Tower-Defense/Play/Bloons-Tower-Defense-3.html}"
}

@Misc{elementTD,
author = {David Scott},
title = {Flash Element TD},
month = may,
year = {2010},
howpublished = "\url{http://se.t45ol.com/spel/2951/flash-element-td.html}"
}

@Book{communication,
author = {Thomas R. Lindlof, Bryan C. Taylor},
title = {Qualitative communication research methods},
year = {2002}
}

@Misc{Eclipse,
author = {Eclipse Foundation},
title = {Eclipse Documentation},
month = may,
year = {2010},
howpublished = "\url{http://www.eclipse.org/}"
}

@Misc{Sun,
author = {Sun Developer Network},
title = {Code Conventions for the Java Programming Language},
month = may,
year = {2010},
howpublished = "\url{http://java.sun.com/docs/codeconv/}"
}