
@Misc{Android,
author = {Android},
title = {Android API},
month = jun,
year = {2010},
howpublished = "\url{http://developer.android.com/}"
}

@Misc{SQLite,
author = {SQLite},
title = {SQLite Documentation},
month = jun,
year = {2010},
howpublished = "\url{http://www.sqlite.org/}"
}

@Misc{Git,
author = {Git},
title = {Git - Fast Version Control System},
month = jun,
year = {2010},
howpublished = "\url{http://www.git-scm.com/}"
}

@Misc{Green,
author = {Green, Robert},
title = {Getting Started in Android Game Development},
month = april,
year = {2008},
howpublished = "\url{http://www.rbgrn.net/content/54-getting-started-android-game-development}"
}