@ONLINE{Android,
author = {Android},
title = {Android API},
month = jun,
year = {2020},
url = {http://developer.android.com/}
}

@ONLINE{SQLite,
author = {SQLite},
title = {SQLite Documentation},
month = jun,
year = {2010},
url = {http://www.sqlite.org/}
}

@ONLINE{Git,
author = {Git},
title = {Git - Fast Version Control System},
month = jun,
year = {2010},
url = {http://www.git-scm.com/}
}

@ONLINE{Green,
author = {Green, Robert},
title = {Getting Started in Android Game Development},
month = april,
year = {2008},
url = {http://www.rbgrn.net/content/54-getting-started-android-game-development}
}