@CONFERENCE{chris,
  author =       {C. Biemann and R. Osswald},
  title =        {Automatische Erweiterung eines semantikbasierten Lexikons durch Bootstrapping auf großen Korpora},
  booktitle =    {Sprachtechnologie, mobile Kommunikation und linguistische Ressourcen Beiträge zur GLDV-Tagung 2005 in Bonn},
  year =         {2005},
  editor =       {B. Fisseni, H.-C. Schmitz, B. Schröder and P. Wagner },
  pages  =     {15-27},
  address =      {Frankfurt am Main},
  publisher =    {Peter Lang},
}


@INBOOK{t-fill,
  AUTHOR =     {Charles J. Fillmore},
  editor =     {E.Bach and R.Harms},
  TITLE =      {Universals in Linguistic Theory},
  CHAPTER =    {The case for case},
  pages =      {1-90},
  PUBLISHER =  {Holt, Rinehart \& Winston},
  YEAR =       {1968},
  address =    {New York},
}
  
    
@PHDTHESIS{curran04from,
author = {J. Curran},  
title = {From Distributional to Semantic Similarity}, 
text = {James R. Curran. 2004. From Distributional to Semantic Similarity}, 
year = {2004},
school = {Edinburgh},
url = {citeseer.ist.psu.edu/curran03from.html}, 
}

@INCOLLECTION{germaHagen,
AUTHOR =     {Claudia Kunze and Andreas Wagner},
  TITLE =      "{Anwendungsperspektiven des GermaNet, eines lexikalisch-semantischen Netzes für das Deutsche}", 
  BOOKTITLE =  {Chancen und Perspektiven computergestützter Lexikographie},
  PUBLISHER =  {Niemeyer},
  YEAR =       {2001},
  editor =     {Ingrid Lemberg, Bernhard Schröder and Angelika Storrer},
  volume =     {107},
  series =     {Lexicographica Series Maior},
  pages =      {229-246},
  address =    {Tübingen, Germany},
}


@ARTICLE{wordNet,
  AUTHOR =     {G. A. Miller and  R. Beckwith and C. Fellbaum and D. Gross and K. Miller},
  TITLE =      "{Five papers on WordNet}",
  JOURNAL =    {Special Issue of the International Journal of Lexicography},
  YEAR =       {1990},
}



 
  
@book{functadj,
    author = {U. Engel},
    year = {1988},
    title = {Deutsche Grammatik},
    PUBLISHER = {Julius Groos Verlag},
    address = {Heidelberg},
}
  
 @INPROCEEDINGS{Pado,
  author =       {Sebastian Padó and Mirella Lapata},
  title =        {Cross-lingual Bootstrapping for Semantic Lexicons: The case of FrameNet},
  crossref =     {AAAI:05},
  pages =        {1087-1092},
}

@Proceedings{AAAI:05,
  title =        {Proceedings of the 20th National Conference on Artificial Intelligence},
  booktitle =    {Proceedings of the 20th National Conference on Artificial Intelligence},
  address =      {Pittsburgh},
  year =         {2005},
} 